@misc{GPT4,
	author = {D. Patel and G. Wong},
	month = {Jul.},
	year = {2023},
	title = {{GPT-4} Architecture, Infrastructure, Training Dataset, Costs, Vision, {MoE}},
	url = {https://www.semianalysis.com/p/gpt-4-architecture-infrastructure.},
}

@article{surveyDML,
	author = {Verbraeken, Joost and Wolting, Matthijs and Katzy, Jonathan and Kloppenburg, Jeroen and Verbelen, Tim and Rellermeyer, Jan S.},
	title = {A Survey on Distributed Machine Learning},
	journal = {CSUR},
	year = {2020},
	volume = {53},
	month = {Mar.},
	pages = {1--33},
}

@misc{Meta,
	author = {Kevin, Lee and Adi, Gangidi and Mathew, Oldham},
	title = {Building {Meta}’s {GenAI} Infrastructure},
	year = {2024},
	month = {Mar.},
	url = {https://engineering.fb.com/2024/03/12/data-center-engineering/building-metas-genai-infrastructure/},
}

@inproceedings{HPN,
	author = {Qian, Kun and Xi, Yongqing and Cao, Jiamin and Gao, Jiaqi and Xu, Yichi and Guan, Yu and Fu, Binzhang and Shi, Xuemei and Zhu, Fangbo and Miao, Rui and Wang, Chao and Wang, Peng and Zhang, Pengcheng and Zeng, Xianlong and Ruan, Eddie and Yao, Zhiping and Zhai, Ennan and Cai, Dennis},
	booktitle = {Prof.of {SIGCOMM} 2024},
	title = {Alibaba {HPN}: A Data Center Network for Large Language Model Training},
	year = {2024},
	month = {Aug.},
	pages = {691-–706},
}

@inproceedings{Parallelism,
	author = {Narayanan, Deepak and Shoeybi, Mohammad and Casper, Jared and LeGresley, Patrick and Patwary, Mostofa and Korthikanti, Vijay and Vainbrand, Dmitri and Kashinkunti, Prethvi and Bernauer, Julie and Catanzaro, Bryan and Phanishayee, Amar and Zaharia, Matei},
	title = {Efficient large-scale language model training on {GPU} clusters using {megatron-LM}},
	year = {2021},
	booktitle = {Prof.of {SC} 2021},
	month = {Nov.},
	pages = {1--15}
}

@article{INC2019,
	author = {Zilberman, N.},
	title = {In-network computing},
	month = {Apr.},
	year = {2019},
	url = {https://www.sigarch.org/in-network-computing-draft/.}
}

@inproceedings{SGD2010,
	author = {Zinkevich, M. and Weimer, M. and Li, L. and Smola, A.},
	booktitle = {Proc. of {NeurIPS} 2010},	
	title = {Parallelized stochastic gradient descent},
	year = {2010},
	month = {Dec.},
	pages = {1--9},
}

@inproceedings{PS,
	author = {Mu Li and David G. Andersen and Jun Woo Park and Alexander J. Smola and Amr Ahmed and Vanja Josifovski and James Long and Eugene J. Shekita and Bor-Yiing Su},
	title = {Scaling Distributed Machine Learning with the Parameter Server},
	booktitle = {Proc. of {OSDI} 2014},	
	year = {2014},
	pages = {583--598},
	month = {Oct.},
}

@inproceedings{Rina,
	title={Rina: Enhancing Ring-AllReduce with In-network Aggregation in Distributed Model Training}, 
	author={Zixuan Chen and Xuandong Liu and Minglin Li and Yinfan Hu and Hao Mei and Huifeng Xing and Hao Wang and Wanxin Shi and Sen Liu and Yang Xu},
	year={2024},
	booktitle = {Prof. of {ICNP} 2024},
	month = {Jul.},
}

@inproceedings{Tree,
	author = {Sanders, Peter and Speck, Jochen and Tr\"{a}ff, Jesper Larsson},
	title = {Full bandwidth broadcast, reduction and scan with only two trees},
	year = {2007},
	month = {Sep.},
	booktitle = {Prof. of {PVM/MPI} 2007},
	pages = {17–26},
}

@article{MoE,
	title={A Survey on Mixture of Experts}, 
	author={Weilin Cai and Juyong Jiang and Fan Wang and Jing Tang and Sunghun Kim and Jiayi Huang},
	year={2024},
	journal = {ACM Comput. Surv},
	month = {Oct.},
}

@inproceedings{Zerwas2021,
	author={Zerwas, J. and Kellerer, W. and Blenk, A.},
	booktitle={Proc. of {ITC 2021}},
	title={What You Need to Know About Optical Circuit Reconfigurations in Datacenter Networks},
	year={2021},
	month={Aug./Sept.},
	pages={1-9}
}
